@misc{RustDoc-Drop,
  title = "{The Rust Language API Documentation - Drop Trait}",
  howpublished = {\url{https://doc.rust-lang.org/std/ops/trait.Drop.html}},
  note = {Accessed: 2017-07-14},
}
@misc{RustBook-Unsafe,
  title = "{The Rust Book, Second Edition - Unsafe Rust}",
  howpublished = {\url{https://doc.rust-lang.org/stable/book/second-edition/ch19-01-unsafe-rust.html}},
  note = {Accessed: 2017-07-14},
}
@misc{HoareInterview,
  title = "{Interview on Rust, a Systems Programming Language Developed by Mozilla}",
  howpublished = {\url{https://www.infoq.com/news/2012/08/Interview-Rust}},
  note = {Accessed: 2017-07-17},
}
@misc{RustBook-InteriorMutability,
  title = "{The Rust Book, Second Edition - Interior Mutabilty}",
  howpublished = {\url{https://doc.rust-lang.org/book/second-edition/ch15-05-interior-mutability.html}},
  note = {Accessed: 2017-07-17},
}
@misc{RustDoc-Send,
  title = "{The Rust Language API Documentation - Send Trait}",
  howpublished = {\url{https://doc.rust-lang.org/std/marker/trait.Send.html}},
  note = {Accessed: 2017-07-17},
}
@misc{BlogDST,
  title = "{Dynamically sized types in Rust}",
  howpublished = {\url{https://blog.babelmonkeys.de/2014/03/18/dst.html}},
  note = {Accessed: 2017-07-20},
}
@misc{Nomicon-ZST,
  title = "{Rust Nomicon - Exotically Sized Types}",
  howpublished = {\url{https://doc.rust-lang.org/nomicon/exotic-sizes.html#zero-sized-types-zsts}},
  note = {Accessed: 2017-07-20},
}
@misc{RustRelease-Union,
  title = "{The Rust Programming Language Blog - Announcing Rust 1.19}",
  howpublished = {\url{https://blog.rust-lang.org/2017/07/20/Rust-1.19.html}},
  note = {Accessed: 2017-07-21},
}
@misc{RustDoc-Rc,
  title = "{The Rust Language API Documentation - Rc Struct}",
  howpublished = {\url{https://doc.rust-lang.org/std/rc/struct.Rc.html}},
  note = {Accessed: 2017-07-22},
}
@misc{Benchmark,
  title = "{Benchmarking Java and Rust}",
  howpublished = {\url{https://benchmarksgame.alioth.debian.org/u64q/compare.php?lang=rust&lang2=java}},
  note = {Accessed: 2017-07-22},
}
@misc{HertzBerger05,
  title = "{Quantifying the Performance of Garbage Collection vs. Explicit Memory Management}",
  author = "{Matthew Hertz, Emery D. Berger}",
  howpublished = {\url{http://people.cs.umass.edu/~emery/pubs/gcvsmalloc.pdf}},
  note = {Accessed: 2017-07-23},
}
